<record><leader>00000cas a22000007a 4500</leader><controlfield tag="001">13107417</controlfield><controlfield tag="008">860205d18821885ohuwr ne      0    0eng  </controlfield><controlfield tag="009">466</controlfield><datafield ind1=" " ind2=" " tag="010"><subfield code="a">sn 86071080 </subfield></datafield><datafield ind1=" " ind2=" " tag="040"><subfield code="a">DLC</subfield><subfield code="b">eng</subfield><subfield code="c">DLC</subfield><subfield code="d">ONP</subfield><subfield code="d">OCLCQ</subfield></datafield><datafield ind1="1" ind2=" " tag="029"><subfield code="a">AU@</subfield><subfield code="b">000025831994</subfield></datafield><datafield ind1=" " ind2=" " tag="042"><subfield code="a">msc</subfield></datafield><datafield ind1="0" ind2="0" tag="050"><subfield code="a">Newspaper</subfield></datafield><datafield ind1="0" ind2=" " tag="130"><subfield code="a">Weekly news-register (Youngstown, Ohio)</subfield></datafield><datafield ind1="1" ind2="0" tag="245"><subfield code="a">Weekly news-register.</subfield></datafield><datafield ind1=" " ind2=" " tag="260"><subfield code="a">Youngstown, Ohio :</subfield><subfield code="b">Youngstown Pub. Co.,</subfield><subfield code="c">1882-1885.</subfield></datafield><datafield ind1=" " ind2=" " tag="300"><subfield code="a">v.</subfield></datafield><datafield ind1=" " ind2=" " tag="310"><subfield code="a">Weekly</subfield></datafield><datafield ind1="0" ind2=" " tag="362"><subfield code="a">Vol. 1, no. 1 (Jan. 25, 1882)-v. 4, no. 45 (Nov. 25, 1885).</subfield></datafield><datafield ind1=" " ind2=" " tag="500"><subfield code="a">Republican.</subfield></datafield><datafield ind1=" " ind2=" " tag="580"><subfield code="a">Daily ed.: Youngstown news-register.</subfield></datafield><datafield ind1=" " ind2="4" tag="651"><subfield code="a">Youngstown (Ohio)</subfield><subfield code="v">Newspapers.</subfield></datafield><datafield ind1=" " ind2="4" tag="651"><subfield code="a">Mahoning County (Ohio)</subfield><subfield code="v">Newspapers.</subfield></datafield><datafield ind1=" " ind2=" " tag="752"><subfield code="a">United States</subfield><subfield code="b">Ohio</subfield><subfield code="c">Mahoning</subfield><subfield code="d">Youngstown.</subfield></datafield><datafield ind1="1" ind2=" " tag="775"><subfield code="t">Youngstown news-register</subfield><subfield code="w">(DLC)sn 84028462</subfield></datafield><datafield ind1="0" ind2="4" tag="780"><subfield code="t">Youngstown news</subfield><subfield code="w">(DLC)sn 86071079</subfield></datafield><datafield ind1="0" ind2="4" tag="780"><subfield code="t">Youngstown register</subfield><subfield code="w">(DLC)sn 84028457</subfield></datafield><datafield ind1="0" ind2="0" tag="785"><subfield code="t">Youngstown weekly telegram (Youngstown, Ohio : 1885)</subfield><subfield code="w">(DLC)sn 86071081</subfield></datafield></record>